@article{silver2016mastering,
  title={Mastering the game of Go with deep neural networks and tree search},
  author={Silver, David and Huang, Aja and Maddison, Chris J and Guez, Arthur and Sifre, Laurent and Van Den Driessche, George and Schrittwieser, Julian and Antonoglou, Ioannis and Panneershelvam, Veda and Lanctot, Marc and others},
  journal={nature},
  volume={529},
  number={7587},
  pages={484},
  year={2016},
  publisher={Nature Publishing Group}
}

@inproceedings{barto2017some,
  title={Some recent applications of reinforcement learning},
  author={Barto, Andrew G and Thomas, PS and Sutton, Richard S},
  booktitle={Proceedings of the 18th Yale Workshop on Adaptive and Learning Systems},
  year={2017}
}
@article{garfinkel1997quasiperiodicity,
  title={Quasiperiodicity and chaos in cardiac fibrillation.},
  author={Garfinkel, Alan and Chen, Peng-Sheng and Walter, Donald O and Karagueuzian, Hrayr S and Kogan, Boris and Evans, Steven J and Karpoukhin, Mikhail and Hwang, Chun and Uchida, Takumi and Gotoh, Masamichi and others},
  journal={The Journal of clinical investigation},
  volume={99},
  number={2},
  pages={305--314},
  year={1997},
  publisher={Am Soc Clin Investig}
}
@misc{stable-baselines,
  author = {Hill, Ashley and Raffin, Antonin and Ernestus, Maximilian and Gleave, Adam and Traore, Rene and Dhariwal, Prafulla and Hesse, Christopher and Klimov, Oleg and Nichol, Alex and Plappert, Matthias and Radford, Alec and Schulman, John and Sidor, Szymon and Wu, Yuhuai},
  title = {Stable Baselines},
  year = {2018},
  publisher = {GitHub},
  journal = {GitHub repository},
  howpublished = {\url{https://github.com/hill-a/stable-baselines}},
}


@article{brockman2016openai,
  title={Openai gym},
  author={Brockman, Greg and Cheung, Vicki and Pettersson, Ludwig and Schneider, Jonas and Schulman, John and Tang, Jie and Zaremba, Wojciech},
  journal={arXiv preprint arXiv:1606.01540},
  year={2016}
}


@article{mnih2015human,
  title={Human-level control through deep reinforcement learning},
  author={Mnih, Volodymyr and Kavukcuoglu, Koray and Silver, David and Rusu, Andrei A and Veness, Joel and Bellemare, Marc G and Graves, Alex and Riedmiller, Martin and Fidjeland, Andreas K and Ostrovski, Georg and others},
  journal={Nature},
  volume={518},
  number={7540},
  pages={529},
  year={2015},
  publisher={Nature Publishing Group}
}

@inproceedings{ipek2008self,
  title={Self-optimizing memory controllers: A reinforcement learning approach},
  author={Ipek, Engin and Mutlu, Onur and Mart{\'\i}nez, Jos{\'e} F and Caruana, Rich},
  booktitle={ACM SIGARCH Computer Architecture News},
  volume={36},
  number={3},
  pages={39--50},
  year={2008},
  organization={IEEE Computer Society}
}


@article{murphy2003optimal,
  title={Optimal dynamic treatment regimes},
  author={Murphy, Susan A},
  journal={Journal of the Royal Statistical Society: Series B (Statistical Methodology)},
  volume={65},
  number={2},
  pages={331--355},
  year={2003},
  publisher={Wiley Online Library}
}


@inproceedings{krull2017poseagent,
  title={Poseagent: Budget-constrained 6d object pose estimation via reinforcement learning},
  author={Krull, Alexander and Brachmann, Eric and Nowozin, Sebastian and Michel, Frank and Shotton, Jamie and Rother, Carsten},
  booktitle={Proceedings of the IEEE Conference on Computer Vision and Pattern Recognition},
  pages={6702--6710},
  year={2017}
}

@inproceedings{yun2017action,
  title={Action-decision networks for visual tracking with deep reinforcement learning},
  author={Yun, Sangdoo and Choi, Jongwon and Yoo, Youngjoon and Yun, Kimin and Young Choi, Jin},
  booktitle={Proceedings of the IEEE conference on computer vision and pattern recognition},
  pages={2711--2720},
  year={2017}
}


@inproceedings{tokic2010adaptive,
  title={Adaptive $\varepsilon$-greedy exploration in reinforcement learning based on value differences},
  author={Tokic, Michel},
  booktitle={Annual Conference on Artificial Intelligence},
  pages={203--210},
  year={2010},
  organization={Springer}
}

@article{tesauro1995temporal,
  title={Temporal difference learning and TD-Gammon},
  author={Tesauro, Gerald},
  journal={Communications of the ACM},
  volume={38},
  number={3},
  pages={58--68},
  year={1995}
}


@book{sutton2018reinforcement,
  title={Reinforcement learning: An introduction},
  author={Sutton, Richard S and Barto, Andrew G},
  year={2018},
  publisher={MIT press}
}


@article{babloyantz1986low,
  title={Low-dimensional chaos in an instance of epilepsy},
  author={Babloyantz, Agnessa and Destexhe, Alain},
  journal={Proceedings of the National Academy of Sciences},
  volume={83},
  number={10},
  pages={3513--3517},
  year={1986},
  publisher={National Acad Sciences}
}

@article{shukla1998predictability,
  title={Predictability in the midst of chaos: A scientific basis for climate forecasting},
  author={Shukla, Jagadish},
  journal={science},
  volume={282},
  number={5389},
  pages={728--731},
  year={1998},
  publisher={American Association for the Advancement of Science}
}


@article{vlad2010chaos,
  title={Chaos models in economics},
  author={Vlad, Sorin and Pascu, Paul and Morariu, Nicolae},
  journal={arXiv preprint arXiv:1001.3492},
  year={2010}
}

@book{lorenz1995essence,
  title={The essence of chaos},
  author={Lorenz, Edward N},
  year={1995},
  publisher={University of Washington Press}
}



