

%% Created using Papers on Fri, 26 Aug 2016.
%% http://papersapp.com/papers/

@techreport{Rubinstein:Preprint2011,
author = {Rubinstein, Robert},
title = {{Non-equilibrium turbulence and two-equation modeling}},
year = {2011},
publisher = {Begel House Inc.},
language = {English},
rating = {0},
date-added = {2016-06-24T23:52:11GMT},
date-modified = {2016-08-26T11:14:36GMT},
abstract = {Abstract Two-equation turbulence models are analyzed from the perspective of spectral closure theories. Kolmogorov theory provides useful information for models, but it is limited to'equilibrium'conditions in which the energy spectrum has relaxed to a steady state ...
},
url = {http://www.dl.begellhouse.com/references/3ce1b491115b5c16,60d8a9681cb3cfc7,05259e8e08ad6801.html},
local-url = {file://localhost/Users/mkv/Dropbox/docs/Library.papers3/Files/5C/5CC77935-5997-44F6-9DD9-A4BF95B5DC7A.pdf},
file = {{5CC77935-5997-44F6-9DD9-A4BF95B5DC7A.pdf:/Users/mkv/Dropbox/docs/Library.papers3/Files/5C/5CC77935-5997-44F6-9DD9-A4BF95B5DC7A.pdf:application/pdf;5CC77935-5997-44F6-9DD9-A4BF95B5DC7A.pdf:/Users/mkv/Dropbox/docs/Library.papers3/Files/5C/5CC77935-5997-44F6-9DD9-A4BF95B5DC7A.pdf:application/pdf}},
uri = {\url{papers3://publication/uuid/8A184A74-FBFF-49C9-825A-E19ED6A81455}}
}

@techreport{FermiPasta:1955,
author = {Fermi, E and Pasta, J and Ulam, S},
title = {{Studies of nonlinear problems}},
year = {1955},
number = {LA-1940},
publisher = {Los Alamos Report LA-1940},
read = {Yes},
rating = {0},
date-added = {2016-06-15T09:11:17GMT},
date-modified = {2016-08-12T15:25:24GMT},
abstract = {ABSTRACT. A one-dimensional dynamical system of 64 particles with forces between neighbors containing nonlinear terms has been studied on the Los Alamos computer MANIAC I. The nonlinear terms considered are quadratic, cubic, and broken linear types. ...
},
url = {http://users.mat.unimi.it/users/galgani/arch/FPU.pdf},
local-url = {file://localhost/Users/mkv/Dropbox/docs/Library.papers3/Files/01/014002B0-97E5-46C3-9B4B-77E44779F10B.pdf},
file = {{014002B0-97E5-46C3-9B4B-77E44779F10B.pdf:/Users/mkv/Dropbox/docs/Library.papers3/Files/01/014002B0-97E5-46C3-9B4B-77E44779F10B.pdf:application/pdf}},
uri = {\url{papers3://publication/uuid/8C796C96-CECF-41F0-B29D-3CBA9AD820B5}}
}

@techreport{Bagnold:1960ww,
author = {Bagnold, Ralph Alger},
title = {{Some Aspects of the Shape of River Meanders}},
year = {1960},
number = {282-E},
language = {English},
rating = {0},
date-added = {2016-06-11T10:12:38GMT},
date-modified = {2016-08-12T04:05:25GMT},
url = {http://pubs.usgs.gov/pp/0282e/report.pdf},
local-url = {file://localhost/Users/mkv/Dropbox/docs/Library.papers3/Files/EC/ECA35AA5-818C-45C6-9AB9-7954EE81B594.pdf},
file = {{ECA35AA5-818C-45C6-9AB9-7954EE81B594.pdf:/Users/mkv/Dropbox/docs/Library.papers3/Files/EC/ECA35AA5-818C-45C6-9AB9-7954EE81B594.pdf:application/pdf}},
uri = {\url{papers3://publication/uuid/E7E32149-4188-49C9-8A4D-1F5C3AA5C0A9}}
}

@techreport{ResearchDatabase,
author = {{NSTMIS}},
title = {{International Comparative Research Base of India's Research Base (2009-14)}},
year = {2016},
month = jan,
rating = {0},
date-added = {2016-06-08T07:24:25GMT},
date-modified = {2016-08-08T18:28:39GMT},
local-url = {file://localhost/Users/mkv/Dropbox/docs/Library.papers3/Files/A2/A24FE254-9072-4F7E-B0C4-DBEE2AA034C9.pdf},
file = {{A24FE254-9072-4F7E-B0C4-DBEE2AA034C9.pdf:/Users/mkv/Dropbox/docs/Library.papers3/Files/A2/A24FE254-9072-4F7E-B0C4-DBEE2AA034C9.pdf:application/pdf}},
uri = {\url{papers3://publication/uuid/5CCC55D4-7DCD-46C2-948D-87C647F11AAD}}
}

@article{McWilliams:Notes2015,
author = {McWilliams, James C.},
title = {{Convective Turbulence: Rayleigh-Taylor Convection}},
journal = {Class notes},
year = {2015},
pages = {1--34},
month = sep,
keywords = {Convection, Course-notes},
read = {Yes},
rating = {0},
date-added = {2015-10-08T04:49:21GMT},
date-modified = {2016-08-08T18:22:08GMT},
local-url = {file://localhost/Users/mkv/Dropbox/docs/Library.papers3/Files/5A/5A3FDFDF-C0FF-454D-983A-A010BC513F69.pdf},
file = {{5A3FDFDF-C0FF-454D-983A-A010BC513F69.pdf:/Users/mkv/Dropbox/docs/Library.papers3/Files/5A/5A3FDFDF-C0FF-454D-983A-A010BC513F69.pdf:application/pdf}},
uri = {\url{papers3://publication/uuid/AB583DBC-B7AB-4719-89FC-286322220459}}
}

@article{Tsinober:notes,
author = {Tsinober, Arkady B.},
title = {{Is the physics of vortex stretching well understood? What are the problems and is there a way of resolving the" crisis in our understanding of turbulent vortex dynamics"?}},
journal = {Notes},
read = {Yes},
rating = {0},
date-added = {2015-04-08T07:02:48GMT},
date-modified = {2016-08-08T18:52:58GMT},
abstract = {This message was provoked by three inputs: i) the presentation by Gergory Eyink" Turbulent Lagrangian Dynamics of Vortex and Magnetic-Field Lines" at the Isaac Newton Institute Workshop" Inertial-Range Dynamics and Mixing"(HRTW02) at October 2, 2008, ii) by ... 
},
url = {http://www.newton.ac.uk/programmes/HRT/seminars/2008100210301a.pdf},
local-url = {file://localhost/Users/mkv/Dropbox/docs/Library.papers3/Files/FE/FE87E4FF-231A-4879-A6E5-AFD9479FE760.pdf},
file = {{FE87E4FF-231A-4879-A6E5-AFD9479FE760.pdf:/Users/mkv/Dropbox/docs/Library.papers3/Files/FE/FE87E4FF-231A-4879-A6E5-AFD9479FE760.pdf:application/pdf}},
uri = {\url{papers3://publication/uuid/A3EE6D12-3095-4F51-9A7F-65B46DD4281F}}
}

@article{Baez:Notes2014,
author = {Baez, John},
title = {{The Pendulum, Elliptic Functions and Imaginary Time
}},
journal = {Class notes},
year = {2014},
pages = {1--4},
month = feb,
doi = {10.1515/9783110250060_sim2157},
rating = {0},
date-added = {2014-09-29T12:49:32GMT},
date-modified = {2016-08-08T18:38:05GMT},
local-url = {file://localhost/Users/mkv/Dropbox/docs/Library.papers3/Files/C4/C463CBEB-3A79-4BF6-93B4-868F6AE2C3A0.pdf},
file = {{C463CBEB-3A79-4BF6-93B4-868F6AE2C3A0.pdf:/Users/mkv/Dropbox/docs/Library.papers3/Files/C4/C463CBEB-3A79-4BF6-93B4-868F6AE2C3A0.pdf:application/pdf}},
uri = {\url{papers3://publication/doi/10.1515/9783110250060_sim2157}}
}

@techreport{Mehta:CricketBall,
author = {Mehta, Rabindra D.},
title = {{Cricket ball aerodynamics: myth versus science}},
year = {2000},
doi = {10.1119/1.3677294},
language = {English},
rating = {0},
date-added = {2014-03-31T10:09:44GMT},
date-modified = {2016-08-12T03:59:24GMT},
abstract = {Abstract: Aerodynamics plays a prominent role in the flight of a cricket ball released by a bowler. The main interest is in the fact that the ball can follow a curved flight path that is not always under the control of the bowler. ne basic aerodynamic principles responsible for ...
},
url = {http://scitation.aip.org/content/aapt/journal/tpt/50/2/10.1119/1.3677294},
local-url = {file://localhost/Users/mkv/Dropbox/docs/Library.papers3/Files/CE/CEE1EB87-95E6-42AF-B485-AC62009FE667.pdf},
file = {{CEE1EB87-95E6-42AF-B485-AC62009FE667.pdf:/Users/mkv/Dropbox/docs/Library.papers3/Files/CE/CEE1EB87-95E6-42AF-B485-AC62009FE667.pdf:application/pdf}},
uri = {\url{papers3://publication/doi/10.1119/1.3677294}}
}

@techreport{Intel:2010a,
author = {Intel},
title = {{The Parallel Universe: Intel Cilk Plus}},
year = {2011},
month = jun,
rating = {0},
date-added = {2011-07-09T10:02:48GMT},
date-modified = {2016-08-08T18:39:56GMT},
local-url = {file://localhost/Users/mkv/Dropbox/docs/Library.papers3/Files/D7/D7B86F66-A8E3-4974-B582-903EABDD6C88.pdf},
file = {{D7B86F66-A8E3-4974-B582-903EABDD6C88.pdf:/Users/mkv/Dropbox/docs/Library.papers3/Files/D7/D7B86F66-A8E3-4974-B582-903EABDD6C88.pdf:application/pdf}},
uri = {\url{papers3://publication/uuid/3A9B5818-34EA-4CAE-AF34-E53458D96B6C}}
}

@misc{Intel:2010b,
title = {{Optimize an existing program by introducing parallelism}},
author = {Intel},
month = apr,
year = {2011},
rating = {0},
date-added = {2011-06-09T07:26:07GMT},
date-modified = {2016-08-12T04:00:26GMT},
local-url = {file://localhost/Users/mkv/Dropbox/docs/Library.papers3/Files/14/143767D0-FA10-434E-AA53-A3B5DC4F07BF.pdf},
file = {{143767D0-FA10-434E-AA53-A3B5DC4F07BF.pdf:/Users/mkv/Dropbox/docs/Library.papers3/Files/14/143767D0-FA10-434E-AA53-A3B5DC4F07BF.pdf:application/pdf}},
uri = {\url{papers3://publication/uuid/19B30FC5-0809-424F-9ED9-AFDEF8BCE5C7}}
}

@techreport{Folk:NCSA2010,
author = {Folk, M and Choi, V},
title = {{Scientific formats for geospatial data preservation: A study of suitability and performance}},
year = {2010},
month = dec,
rating = {0},
date-added = {2011-01-10T14:34:53GMT},
date-modified = {2016-08-06T06:31:35GMT},
local-url = {file://localhost/Users/mkv/Dropbox/docs/Library.papers3/Files/58/58F74860-52F9-45A1-B0EA-E439A0820B7B.pdf},
file = {{58F74860-52F9-45A1-B0EA-E439A0820B7B.pdf:/Users/mkv/Dropbox/docs/Library.papers3/Files/58/58F74860-52F9-45A1-B0EA-E439A0820B7B.pdf:application/pdf}},
uri = {\url{papers3://publication/uuid/DEBA9453-82F6-481E-B215-10EFB19F08D9}}
}

@techreport{WHOI:1991,
author = {WHOI},
title = {{Patterns in Fluid Flow}},
year = {2010},
month = nov,
keywords = {Fauve},
rating = {0},
date-added = {2011-01-10T13:59:58GMT},
date-modified = {2016-08-08T18:43:25GMT},
local-url = {file://localhost/Users/mkv/Dropbox/docs/Library.papers3/Files/F5/F5E6AE56-44C2-4E6A-ACB6-C0A12C9F2ED8.pdf},
file = {{F5E6AE56-44C2-4E6A-ACB6-C0A12C9F2ED8.pdf:/Users/mkv/Dropbox/docs/Library.papers3/Files/F5/F5E6AE56-44C2-4E6A-ACB6-C0A12C9F2ED8.pdf:application/pdf}},
uri = {\url{papers3://publication/uuid/39BA2B50-DF89-4595-A73E-9A565AF97A54}}
}

@techreport{WHOI:1995,
author = {WHOI},
title = {{Rotating Convection}},
year = {2010},
month = nov,
rating = {0},
date-added = {2011-01-10T13:45:24GMT},
date-modified = {2016-08-08T18:43:59GMT},
local-url = {file://localhost/Users/mkv/Dropbox/docs/Library.papers3/Files/77/778B879E-1FA4-4DC5-A41F-CEF4F04742EA.pdf},
file = {{778B879E-1FA4-4DC5-A41F-CEF4F04742EA.pdf:/Users/mkv/Dropbox/docs/Library.papers3/Files/77/778B879E-1FA4-4DC5-A41F-CEF4F04742EA.pdf:application/pdf}},
uri = {\url{papers3://publication/uuid/75EEC4D1-8D5D-4F5B-9982-BC1F0E7646A3}}
}

@techreport{WHOI:1990,
author = {WHOI},
title = {{Stellar Fluid Dynamics}},
year = {2010},
month = nov,
rating = {0},
date-added = {2011-01-10T13:45:24GMT},
date-modified = {2016-08-08T18:44:24GMT},
local-url = {file://localhost/Users/mkv/Dropbox/docs/Library.papers3/Files/C4/C4F6CA6E-56C4-4B57-B6C4-CF15B9E336FF.pdf},
file = {{C4F6CA6E-56C4-4B57-B6C4-CF15B9E336FF.pdf:/Users/mkv/Dropbox/docs/Library.papers3/Files/C4/C4F6CA6E-56C4-4B57-B6C4-CF15B9E336FF.pdf:application/pdf}},
uri = {\url{papers3://publication/uuid/DE81F418-5600-476A-BE82-E9F6A184306C}}
}

@techreport{WHOI:1988,
author = {WHOI},
title = {{The Influence of Convection on Large-Scale Circulations}},
year = {2009},
month = aug,
rating = {0},
date-added = {2011-01-10T13:45:23GMT},
date-modified = {2016-08-08T18:44:36GMT},
local-url = {file://localhost/Users/mkv/Dropbox/docs/Library.papers3/Files/F5/F5126215-085F-444E-BEEC-656C5E304490.pdf},
file = {{F5126215-085F-444E-BEEC-656C5E304490.pdf:/Users/mkv/Dropbox/docs/Library.papers3/Files/F5/F5126215-085F-444E-BEEC-656C5E304490.pdf:application/pdf}},
uri = {\url{papers3://publication/uuid/51594D5F-6A57-43DA-9DBA-0FD48938F802}}
}

@techreport{WHOI:1985,
author = {WHOI},
title = {{Geophysical Fluid Dynamics}},
year = {2009},
month = aug,
rating = {0},
date-added = {2011-01-10T13:45:23GMT},
date-modified = {2016-08-08T18:43:01GMT},
local-url = {file://localhost/Users/mkv/Dropbox/docs/Library.papers3/Files/41/41A047E0-830C-49E8-8242-A2E313BFED2E.pdf},
file = {{41A047E0-830C-49E8-8242-A2E313BFED2E.pdf:/Users/mkv/Dropbox/docs/Library.papers3/Files/41/41A047E0-830C-49E8-8242-A2E313BFED2E.pdf:application/pdf}},
uri = {\url{papers3://publication/uuid/6AD5D682-727C-46DB-9F84-1AB4110D4143}}
}

@techreport{WHOI:1981,
author = {WHOI},
title = {{Physics of Convection}},
year = {2009},
month = jul,
rating = {0},
date-added = {2011-01-10T13:45:23GMT},
date-modified = {2016-08-08T18:43:42GMT},
local-url = {file://localhost/Users/mkv/Dropbox/docs/Library.papers3/Files/C8/C8A6E003-C143-4E37-B5E4-3DC406A9F85E.pdf},
file = {{C8A6E003-C143-4E37-B5E4-3DC406A9F85E.pdf:/Users/mkv/Dropbox/docs/Library.papers3/Files/C8/C8A6E003-C143-4E37-B5E4-3DC406A9F85E.pdf:application/pdf}},
uri = {\url{papers3://publication/uuid/E5B5B897-09F4-4FA7-9EA4-F68E71D2BBC3}}
}

@techreport{Intel:2010e,
author = {Intel},
title = {{The Parallel Universe: Master Multicore}},
year = {2010},
month = sep,
rating = {0},
date-added = {2011-01-10T07:39:55GMT},
date-modified = {2016-08-12T04:01:02GMT},
local-url = {file://localhost/Users/mkv/Dropbox/docs/Library.papers3/Files/EC/EC55EBF1-A7E0-4AEA-AD50-2A930100BBD9.pdf},
file = {{EC55EBF1-A7E0-4AEA-AD50-2A930100BBD9.pdf:/Users/mkv/Dropbox/docs/Library.papers3/Files/EC/EC55EBF1-A7E0-4AEA-AD50-2A930100BBD9.pdf:application/pdf}},
uri = {\url{papers3://publication/uuid/4F97F9BD-B6A2-48F0-A9DD-10E3340D8ABD}}
}

@article{Jones:Notes2003,
author = {Jones, Chris A.},
title = {{Dynamos in planets}},
journal = {Notes},
year = {2003},
rating = {0},
date-added = {2010-05-15T17:52:16GMT},
date-modified = {2016-08-09T04:08:21GMT},
abstract = {Significant advances in our understanding of the geodynamo have been made over the last ten years. In this review, we consider the extent to which this knowledge can be used to understand the origin of the magnetic fields in other planets . Since there is much less ... 
},
url = {http://www1.maths.leeds.ac.uk/~cajones/papers/gough_chapter.pdf},
local-url = {file://localhost/Users/mkv/Dropbox/docs/Library.papers3/Files/CB/CBC002E0-48D7-4435-B3E5-47C2B3481B84.pdf},
file = {{CBC002E0-48D7-4435-B3E5-47C2B3481B84.pdf:/Users/mkv/Dropbox/docs/Library.papers3/Files/CB/CBC002E0-48D7-4435-B3E5-47C2B3481B84.pdf:application/pdf}},
uri = {\url{papers3://publication/uuid/FF6F9F80-3268-44AD-ADED-950F10D83D51}}
}

@techreport{Adams:NCAR1997,
author = {Adams, J and Swarztrauber, P.},
title = {{Spherepack 2.0: A model development facility}},
year = {1997},
month = jan,
rating = {0},
date-added = {2010-05-14T10:06:02GMT},
date-modified = {2016-08-06T06:31:35GMT},
abstract = {SPHEREPACK 2.0 is a collection of FORTRAN programs that facilitates computer modeling of geophysical processes. The package contains programs for computing cer- tain common differential operators including divergence, vorticity, gradients, and the Laplacian of both scalar and },
url = {http://www.cisl.ucar.edu/css/staff/pauls/papers/spherepack/mscpt.pdf},
local-url = {file://localhost/Users/mkv/Dropbox/docs/Library.papers3/Files/3D/3D1297CE-E06B-44D6-A6A4-B6F403F907C0.pdf},
file = {{3D1297CE-E06B-44D6-A6A4-B6F403F907C0.pdf:/Users/mkv/Dropbox/docs/Library.papers3/Files/3D/3D1297CE-E06B-44D6-A6A4-B6F403F907C0.pdf:application/pdf}},
uri = {\url{papers3://publication/uuid/8BA57898-30C2-41A4-959F-0F45B6296E58}}
}

@techreport{Intel:2010d,
author = {Intel},
title = {{Intel{\textregistered} Guide for Developing Multithreaded Applications Part 1: Application Threading and Synchronization}},
year = {2010},
month = apr,
rating = {0},
date-added = {2010-04-30T20:00:45GMT},
date-modified = {2016-08-12T04:00:55GMT},
local-url = {file://localhost/Users/mkv/Dropbox/docs/Library.papers3/Files/37/371E1D35-7914-42B1-8218-33472FEE6D8F.pdf},
file = {{371E1D35-7914-42B1-8218-33472FEE6D8F.pdf:/Users/mkv/Dropbox/docs/Library.papers3/Files/37/371E1D35-7914-42B1-8218-33472FEE6D8F.pdf:application/pdf}},
uri = {\url{papers3://publication/uuid/535DCF0A-E1FF-4A37-A5C8-84B6E638A516}}
}

@misc{Intel:2010c,
title = {{Intel{\textregistered} Guide for Developing Multithreaded Applications Part 2: Memory Management and Programming Tools}},
author = {Intel},
month = apr,
year = {2010},
rating = {0},
date-added = {2010-04-30T20:00:08GMT},
date-modified = {2016-08-12T04:00:48GMT},
local-url = {file://localhost/Users/mkv/Dropbox/docs/Library.papers3/Files/5B/5B34AD00-7005-4D97-85BB-D3C5EAF69918.pdf},
file = {{5B34AD00-7005-4D97-85BB-D3C5EAF69918.pdf:/Users/mkv/Dropbox/docs/Library.papers3/Files/5B/5B34AD00-7005-4D97-85BB-D3C5EAF69918.pdf:application/pdf}},
uri = {\url{papers3://publication/uuid/9DFC9538-6DB5-44DF-A175-FF6FEED56588}}
}

@techreport{Coleman:TR2009,
author = {Coleman, Gary N and Sandberg, Richard D},
title = {{A Primer on Direct Numerical Simulation of Turbulence {\textendash} Methods, Procedures and Guidelines}},
year = {2009},
month = may,
read = {Yes},
rating = {0},
date-added = {2009-06-18T18:23:39GMT},
date-modified = {2016-08-08T18:19:33GMT},
local-url = {file://localhost/Users/mkv/Dropbox/docs/Library.papers3/Files/36/36DE108F-5715-4F77-A842-07B04A9E49B9.pdf},
file = {{36DE108F-5715-4F77-A842-07B04A9E49B9.pdf:/Users/mkv/Dropbox/docs/Library.papers3/Files/36/36DE108F-5715-4F77-A842-07B04A9E49B9.pdf:application/pdf}},
uri = {\url{papers3://publication/uuid/ED1C2EB2-E361-40C6-9299-200CC38B5897}}
}

@techreport{Kaneda:TR2007,
author = {Kaneda, Yukio and Ishihara, Takashi and Kawamura, Hikaru and Iwamoto, K},
title = {{Direct Numerical Simulations of Fundamental Turbulent Flows with the World's Largest Number of Grid- {\ldots}}},
year = {2007},
month = jan,
read = {Yes},
rating = {0},
date-added = {2009-05-31T09:05:38GMT},
date-modified = {2016-08-08T18:23:34GMT},
abstract = {We performed high-resolution direct numerical simulations (DNSs) of canonical turbulent flows on the Earth Simulator. They include (i) magneto-hydrodynamic (MHD) turbulence at low magnetic Reynolds number under a uniform magnetic field, and (ii) turbulent boundary layer with the momentum-thickness Reynolds number at inflow approximately 1980. The DNSs provide invaluable data for the study of (i) the large scale statistics in MHD turbulence and (ii) turbulent structure in the outer region of turbulent boundary layer. A new efficient numerical scheme for DNS of wall bounded turbulent flows was proposed. We also made Large Eddy Simulation of turbulent boundary layer over urban-like and homogeneous roughness to accurately estimate environmental impact on large cities covered by buildings and vegetations, and developed a DNS code to study the turbulence in non-Newtonian surfactant solution between parallel plates.},
url = {http://www.jamstec.go.jp/esc/publication/annual/annual2007/pdf/2project/chapter3/187kaneda.pdf},
local-url = {file://localhost/Users/mkv/Dropbox/docs/Library.papers3/Files/20/207412E3-6B99-4ED9-B67A-6A68A317F763.pdf},
file = {{207412E3-6B99-4ED9-B67A-6A68A317F763.pdf:/Users/mkv/Dropbox/docs/Library.papers3/Files/20/207412E3-6B99-4ED9-B67A-6A68A317F763.pdf:application/pdf}},
uri = {\url{papers3://publication/uuid/6A465C6D-17F2-405F-879E-DDB3231C63B3}}
}

@techreport{Zhou:NASA1997,
author = {Zhou, Ye and Vahala, George and McComb, W. D.},
title = {{Renormalization Group (RG) in Turbulence: Historical and Comparative Perspective}},
year = {1997},
number = {ICAS-97-36},
month = jan,
publisher = {NASA CR-201718},
read = {Yes},
rating = {0},
date-added = {2008-07-12T11:57:19GMT},
date-modified = {2016-08-12T04:04:34GMT},
url = {http://historical.ncstrl.org/tr/fulltext/tr/icase/TR-97-36.txt},
local-url = {file://localhost/Users/mkv/Dropbox/docs/Library.papers3/Files/27/27C42D98-678D-4ED8-A1A6-0DC5F1690163.pdf},
file = {{27C42D98-678D-4ED8-A1A6-0DC5F1690163.pdf:/Users/mkv/Dropbox/docs/Library.papers3/Files/27/27C42D98-678D-4ED8-A1A6-0DC5F1690163.pdf:application/pdf}},
uri = {\url{papers3://publication/uuid/BB6DF39D-C800-4656-9277-9824540A517C}}
}

@techreport{Rubinstein:NASA1994,
author = {Rubinstein, Robert},
title = {{Renormalization group theory of Bolgiano scaling in Boussinesq turbulence}},
year = {1994},
number = {ICOM-94-8; CMOTT-94-2},
read = {Yes},
rating = {0},
date-added = {2008-07-12T11:55:49GMT},
date-modified = {2016-08-12T04:05:56GMT},
local-url = {file://localhost/Users/mkv/Dropbox/docs/Library.papers3/Files/2D/2D764594-48BC-4F27-9093-2B009564A7AA.pdf},
file = {{2D764594-48BC-4F27-9093-2B009564A7AA.pdf:/Users/mkv/Dropbox/docs/Library.papers3/Files/2D/2D764594-48BC-4F27-9093-2B009564A7AA.pdf:application/pdf}},
uri = {\url{papers3://publication/uuid/1CBB3636-1782-48C8-B419-14D29A2417F2}}
}

@techreport{Graham:OpenMP,
author = {Graham, R and Woodall, T and Squyres, J},
title = {{Open MPI: A flexible high performance MPI}},
rating = {0},
date-added = {2008-07-12T11:53:23GMT},
date-modified = {2016-08-08T18:14:00GMT},
local-url = {file://localhost/Users/mkv/Dropbox/docs/Library.papers3/Files/2D/2D81C0DB-5631-494D-B71D-4948E8E164F4.pdf},
file = {{2D81C0DB-5631-494D-B71D-4948E8E164F4.pdf:/Users/mkv/Dropbox/docs/Library.papers3/Files/2D/2D81C0DB-5631-494D-B71D-4948E8E164F4.pdf:application/pdf}},
uri = {\url{papers3://publication/uuid/2F062D07-9948-42A4-8E33-94580CE9601C}}
}

@article{Boucher:Notes2007,
author = {Boucher, Karla},
title = {{The Restricted Three-Body Problem : Earth,Jupitar,Sun}},
journal = {Class notes},
year = {2007},
month = jan,
publisher = {Notes},
rating = {0},
date-added = {2008-07-12T11:51:41GMT},
date-modified = {2016-08-08T18:29:23GMT},
local-url = {file://localhost/Users/mkv/Dropbox/docs/Library.papers3/Files/DD/DDBE39E0-4F8D-4710-B97D-66D6F2734C16.pdf},
file = {{DDBE39E0-4F8D-4710-B97D-66D6F2734C16.pdf:/Users/mkv/Dropbox/docs/Library.papers3/Files/DD/DDBE39E0-4F8D-4710-B97D-66D6F2734C16.pdf:application/pdf}},
uri = {\url{papers3://publication/uuid/223057EB-0DC8-4242-83D0-4B6A67FA8B99}}
}

@techreport{leonard1999caltech,
author={Leonard, A and Winckelmans, GS},
title={A tensor-diffusivity subgrid model for large-eddy simulation},
publisher={CALTECH ASCI TECHNICAL REPORT 043},
number = {cit-asci-tr043},
year = {1999}
}

